@article{Opper2009,
  title={The variational {G}aussian approximation revisited},
  author={Opper, Manfred and Archambeau, C{\'e}dric},
  journal={Neural computation},
  volume={21},
  number={3},
  pages={786--792},
  year={2009},
  publisher={MIT Press}
}

@inproceedings{Geist2010,
  title={Statistically linearized recursive least squares},
  author={Geist, Matthieu and Pietquin, Olivier},
  booktitle={Machine Learning for Signal Processing (MLSP), 2010 IEEE International Workshop on},
  pages={272--276},
  year={2010},
  organization={IEEE}
}

@ARTICLE{Julier2004,
    author={Julier, S.J. and Uhlmann, J.K.},
    journal={Proceedings of the IEEE},
    title={Unscented filtering and nonlinear estimation},
    year={2004},
    month={Mar},
    volume={92},
    number={3},
    pages={401-422},
    keywords={Kalman filters;covariance analysis;filtering theory;nonlinear estimation;nonlinear filters;nonlinear systems;EKF;extended Kalman filter;nonlinear estimation;nonlinear systems;nonlinear transformations;unscented filtering;unscented transformation;Chemical processes;Control systems;Filtering;Kalman filters;Navigation;Nonlinear control systems;Nonlinear systems;Particle tracking;Target tracking;Vehicles},
}

@article{Bell1993,
  title={The iterated {K}alman filter update as a {G}auss-Newton method},
  author={Bell, Bradley M and Cathey, Frederick W},
  journal={IEEE Transactions on Automatic Control},
  volume={38},
  number={2},
  pages={294--297},
  year={1993},
  publisher={Institute of Electrical and Electronics Engineers}
}

@inproceedings{Sibley2006,
  title={The Iterated Sigma Point Kalman Filter with Applications to Long Range Stereo.},
  author={Sibley, Gabe and Sukhatme, Gaurav and Matthies, Larry},
  booktitle={Robotics: Science and Systems},
  volume={8},
  number={1},
  pages={235--244},
  year={2006}
}

@Book{Bishop2006,
  Title                    = {Pattern recognition and machine learning},
  Author                   = {Bishop, Christopher M.},
  Publisher                = {Springer New York},
  Year                     = {2006},
  Volume                   = {1},
}

@InProceedings{Wan2000,
  Title                    = {The unscented Kalman filter for nonlinear estimation},
  Author                   = {Wan, Eric A and Van Der Merwe, Rudolph},
  Booktitle                = {Adaptive Systems for Signal Processing, Communications, and Control Symposium 2000. AS-SPCC. The IEEE 2000},
  Year                     = {2000},
  Organization             = {IEEE},
  Pages                    = {153--158},
}

@book{Rasmussen2006,
  title={Gaussian processes for machine learning},
  author={Rasmussen, Carl Edward and Williams, Christopher K. I.},
  year={2006},
  publisher={The MIT Press, Cambridge, Massachusetts}
}

@ARTICLE{Jordan1999,
  author = {Jordan, Michael I. and Ghahramani, Zoubin and Jaakkola, Tommi S. 
      and Saul, Lawrence K.},
  title = {An Introduction to Variational Methods for Graphical Models},
  journal = {Machine Learning},
  year = {1999},
  volume = {37},
  pages = {183-233},
  number = {2},
  keywords = {graphical models; Bayesian networks; belief networks; probabilistic
	inference; approximate inference; variational methods; mean field
	methods; hidden Markov models; Boltzmann machines; neural networks},
  publisher = {Kluwer Academic Publishers},
}

@misc{JohnsonNLOPT,
    title = {The NLopt nonlinear-optimization package},
    author = {Steven G. Johnson},
    url = {http://ab-initio.mit.edu/wiki/index.php/Citing_NLopt},
} 

@article{Platt1999,
  title={Probabilistic outputs for support vector machines and comparisons to regularized likelihood methods},
  author={Platt, John and others},
  journal={Advances in large margin classifiers},
  volume={10},
  number={3},
  pages={61--74},
  year={1999},
  publisher={Cambridge, MA}
}

@Misc{JonesScipy,
  author =    {Eric Jones and Travis Oliphant and Pearu Peterson and others},
  title =     {{SciPy}: Open source scientific tools for {Python}},
  year =      {2001--},
  url = "http://www.scipy.org/"
} 

@article{scikit-learn,
 title={Scikit-learn: Machine Learning in {P}ython},
 author={Pedregosa, F. and Varoquaux, G. and Gramfort, A. and Michel, V.
         and Thirion, B. and Grisel, O. and Blondel, M. and Prettenhofer, P.
         and Weiss, R. and Dubourg, V. and Vanderplas, J. and Passos, A. and
         Cournapeau, D. and Brucher, M. and Perrot, M. and Duchesnay, E.},
 journal={Journal of Machine Learning Research},
 volume={12},
 pages={2825--2830},
 year={2011}
}

@inproceedings{Lawrence2003,
  title={Gaussian Process Latent Variable Models for Visualisation of High Dimensional Data.},
  author={Lawrence, Neil D},
  booktitle={Advances in Neural Information Processing Systems (NIPS)},
  volume={2},
  pages={5},
  year={2003}
}

@inproceedings{Reid2013,
  title={Bayesian joint inversions for the exploration of {E}arth resources},
  author={Reid, Alistair and O'Callaghan, Simon and Bonilla, Edwin V and McCalman, Lachlan and Rawling, Tim and Ramos, Fabio},
  booktitle={Proceedings of the Twenty-Third international joint conference on Artificial Intelligence},
  pages={2877--2884},
  year={2013},
  organization={AAAI Press}
}

@article{Wang2008,
  title={Gaussian process dynamical models for human motion},
  author={Wang, Jack M and Fleet, David J and Hertzmann, Aaron},
  journal={Pattern Analysis and Machine Intelligence, IEEE Transactions on},
  volume={30},
  number={2},
  pages={283--298},
  year={2008},
  publisher={IEEE}
}

@inproceedings{Wang2005,
  title={Gaussian process dynamical models},
  author={Wang, Jack M and Fleet, David J and Hertzmann, Aaron},
  booktitle={Advances in Neural Information Processing Systems (NIPS)},
  volume={18},
  pages={3},
  year={2005}
}

@article{Marquardt1963,
  title={An algorithm for least-squares estimation of nonlinear parameters},
  author={Marquardt, Donald W},
  journal={Journal of the Society for Industrial \& Applied Mathematics},
  volume={11},
  number={2},
  pages={431--441},
  year={1963},
  publisher={SIAM}
}

@incollection{Williams2008,
    title = {Multi-task {G}aussian Process Learning of Robot Inverse Dynamics},
    author = {Chai, Kian Ming Adam and Williams, Christopher K. I. and Klanke, Stefan and Vijayakumar, Sethu},
    booktitle = {Advances in Neural Information Processing Systems (NIPS)},
    pages = {265--272},
    year = {2009},
    publisher = {Curran Associates, Inc.},
}

@book{Nocedal2006,
       edition = "2nd",
       author = "J. Nocedal and S. J. Wright",
       title = "Numerical Optimization",
       publisher = "Springer",
       year = "2006",
       address = "New York",
} 

@inproceedings{snelson2003warped,
  title={Warped {G}aussian processes},
  author={Snelson, Edward and Rasmussen, Carl Edward and Ghahramani, Zoubin},
  booktitle={NIPS},
  year={2003}
}





